2588 4732
352 356 687 461 <stercona
721 342 813 448 ao?
991 302 993 307 s
1031 367 1123 468 sc·
1186 368 1189 373 ’

139 561 359 674 „Quoties
387 587 557 641 caussas
584 561 683 640 belli
715 577 758 640 et
788 557 1219 660 necessitatemCapso.

39 713 279 798 „nostram
296 699 481 796 intueor,
504 724 685 803 magnus
704 698 808 775 mihi
826 700 991 776 animus
1011 706 1089 797 es't,

43 832 340 933 „hodiernum
379 831 490 911 diem
530 859 866 939 consensumque
897 849 1090 913 vestrum

46 970 141 1069 „ini
149 970 255 1046 tium
272 965 273 968 ’
290 963 504 1058 libertatis
540 969 670 1045 totius
702 969 950 1047 Britanniae
981 970 1089 1048 fore.

49 1104 203 1203 „Nam
234 1117 277 1180 et
307 1103 498 1183 universi
530 1103 749 1182 servitutis
790 1116 1010 1210 expertes,
1051 1118 1093 1182 et

17 1234 229 1340 „nullae
259 1238 372 1316 ultra
403 1253 566 1336 terrae,
607 1265 656 1315 ac
687 1266 740 1316 nc
773 1266 892 1318 mare
924 1237 1094 1346 quidem

54 1400 303 1476 „securum‚
330 1375 582 1451 imminente
598 1374 721 1452 nobis
741 1375 1092 1453 classellomana.

55 1514 154 1613 „Ita
185 1509 395 1617 proelium
426 1522 552 1615 atque
590 1535 731 1608 arma,
772 1537 880 1616 quae
910 1508 1094 1587 fortibus

56 1649 287 1748 „honesta⁹
320 1639 467 1723 cadem
495 1638 669 1722 etiam1)
691 1645 858 1751 ignavis
885 1646 1098 1722 tutissima

58 1795 204 1883 „sunt
262 1780 451 1857 ‘Priores
475 1807 666 1886 pugnae,
707 1780 857 1885 quibus
890 1780 1096 1857 adversus

27 1906 309 2020 ¹„Roman0's
349 1914 472 1992 varia
509 1912 686 1992 fortuna
721 1929 930 1993 certatum
957 1910 986 1973 Ψ)
1018 1896 1126 2012 est,a

59 2078 214 2165 „spem
239 2076 289 2129 ac
314 2047 546 2127 subsidium
571 2051 615 2127 in
634 2051 793 2127 nostris
813 2050 1008 2128 manibus
1026 2049 1099 2126 ha·

61 2188 273 2290 „bebantt
306 2185 404 2291 quia
427 2184 679 2262 nobilissimi
699 2185 830 2274 totius¹
849 2185 1099 2263 Britanniae

63 2349 233 2429 „coque
265 2321 309 2397 in
341 2318 444 2426 ipsis
471 2319 762 2425 penetralibus
790 2321 875 2420 siti,
906 2346 985 2396 nec
1013 2345 1100 2396 ser·

61 2457 303 2560 „viantium
328 2454 474 2533 littora
500 2454 803 2561 adspicientes,
836 2455 979 2532 oculos
1000 2481 1101 2561 quo·
1184 2543 1187 2548 ¹

62 2726 375 2830 „habebamus
438 2723 530 2803 Nos
562 2737 778 2803 terrarum
809 2751 858 2802 ac
891 2725 1101 2802 libertatis

60 2877 316 2969 „extremos
347 2885 541 2938 recessus
573 2846 663 2966 ipse
696 2887 744 2938 ac
776 2862 891 2938 sinus
923 2841 1103 2940 famae³l

59 3002 141 3101 „iu
172 2999 286 3075 liunc
311 2993 436 3109 xdiem
474 2993 675 3074 defendit.
738 2995 864 3087 Nunc
895 2998 1103 3073 terminus

61 3132 348 3238 „Britanniae
387 3144 528 3236 patet,
569 3144 695 3237 atquc
736 3157 860 3209 omne
909 3134 1104 3240 ignotum

23 3400 30 3408 .
136 3366 167 3431 ι)
185 3359 250 3416 Non
269 3358 393 3414 fortibus
411 3370 518 3414 tantum
536 3357 586 3413 sed
604 3359 687 3413 etiam
705 3360 825 3432 ignaris.

135 3486 167 3549 2)
178 3478 331 3533 Nchmlich
348 3478 403 3531 don
421 3477 529 3532 andern
547 3475 696 3532 Streiteru.
733 3477 790 3559 Das
809 3479 943 3553 fulgenda
962 3479 1108 3536 habebant

63 3585 133 3640 dem
153 3581 237 3636 Sinna
256 3579 329 3634 nach
348 3579 440 3632 noch
465 3577 598 3636 lassen.

139 3705 168 3768 3)
188 3698 217 3757 S.
235 3699 271 3766 X,
289 3712 316 3754 u.
352 3695 446 3753 Schon
467 3696 517 3750 der
535 3696 687 3772 verewigte
705 3697 844 3766 Dritclt,
862 3699 902 3759 bl.
919 3700 1001 3754 Schr.
1022 3699 1108 3768 11,1s

35 3776 38 3781 .
65 3802 153 3858 stellt
170 3801 247 3854 dicte
263 3799 384 3863 Anticht
401 3798 465 3865 auf,
491 3798 552 3852 dass
571 3798 699 3867 defendit
715 3800 805 3855 famae
822 3820 856 3854 zu
873 3802 1029 3855 verbinden
1048 3820 1108 3875 acy.

66 3904 126 3957 Dic
154 3902 272 3955 meisten
291 3900 470 3971 Interpreteu
496 3900 615 3954 nahmen
639 3893 730 3955 famae
754 3903 792 3954 im
808 3896 939 3971 Genitir,
966 3904 1018 3956 wie
1043 3905 1107 3960 ΨΑ

68 4005 153 4058 Tiefe
172 3976 231 4056 und
245 4001 339 4056 Bucen
358 4018 475 4055 anseres
494 4001 575 4055 Rufe.
596 4000 678 4076 'Sga
700 4002 769 4070 Une,
788 4003 835 4093 die
854 4007 1039 4058 Aeusserstcn
1059 4005 1110 4056 der

71 4107 152 4159 Erde
170 4105 228 4158 und
247 4104 297 4157 der
315 4102 455 4170 traiecit,
472 4102 522 4157 hat
539 4103 629 4157 selbst
647 4105 692 4156 die
708 4105 902 4178 Entfernnng‚
922 4107 967 4160 die
985 4106 1110 4162 Verbor-

73 4206 193 4281 genheit
208 4221 307 4260 unsres
326 4203 448 4260 Nemees
466 4204 511 4259 bis
531 4205 583 4261 auf
598 4203 694 4262 diesen
710 4206 768 4280 Τις
786 4207 944 4281 geschtitzt.
