2588 4732
133 379 135 383 ’
286 320 586 444 AGRICOLA.
619 376 690 446 21·
723 376 794 447 aa·
827 349 846 406 l·
1028 383 1084 459 or

93 595 142 667 n,
175 562 379 672 adjuvare
406 563 589 670 publice,
614 576 662 641 ut
685 562 855 668 templa,
880 563 989 670 fora,
1016 566 1087 646 do·

93 731 146 781 us
179 715 466 799 exstruerent,
498 698 706 807 laudando
724 693 757 757 Ἰ)
775 716 1013 806 promptos,
1045 716 1087 783 et

93 835 304 945 astigando
337 859 505 941 segnes.
566 834 628 912 lta
656 833 833 911 honoris
861 829 1089 917 aemulatio

95 1002 137 1052 ro
165 946 416 1050 necessitate
445 981 551 1046 erat.
598 969 693 1046 Jam
719 994 823 1048 vero
848 968 1088 1079 principum

93 1111 165 1187 ilios
187 1105 434 1186 liberalibus
462 1104 624 1181 artibus
645 1102 828 1201 erudire,
857 1120 898 1182 et
917 1108 1090 1214 ingenia
1207 1150 1229 1163 -·

93 1236 363 1322 iritannornm
381 1239 530 1317 studiis
550 1237 768 1318 Gallorum
788 1240 1017 1342 anteferre,
1042 1257 1089 1322 ut

93 1381 135 1484 pi
166 1377 293 1456 modo
330 1375 519 1482 linguam
553 1377 790 1452 Romanam
831 1372 1089 1479 abnuebant,
1140 1455 1143 1462 ,

93 1512 341 1621 loquentiam
382 1509 746 1615 concupiscerent.
820 1511 920 1589 Inde
961 1510 1089 1591 etiam
1166 1600 1168 1604 ,

93 1651 225 1728 obitus
237 1646 373 1724 nostri
384 1620 540 1743 honor,¹
558 1659 600 1721 et
616 1644 816 1751 frequens
833 1661 955 1753 toga3
974 1649 1089 1753 paul·

94 1786 258 1890 atimque
290 1780 522 1859 discessum
560 1778 612 1856 ad
653 1778 937 1887 delenimenta'
967 1783 1090 1862 vitio·

94 1947 173 2019 um,
212 1916 402 2024 porticus
445 1929 486 1992 ct
522 1914 674 2007 balnea
711 1930 753 1993 et
793 1918 1090 2019 conviviorum
1192 1925 1206 2015 j
1266 1979 1293 2004 ,

94 2055 334 2164 legantium:
361 2048 485 2155 idque
512 2048 621 2154 apud
646 2049 867 2156 imperitos
894 2050 1091 2132 humani·
1179 2035 1182 2041 ¹

94 2219 130 2268 es
158 2187 409 2284 vocabatur,
436 2208 564 2291 quum
591 2210 690 2290 pars
719 2186 937 2264 servitutis
963 2203 1089 2267 esset.

144 2325 314 2404 Tertius
341 2319 667 2431 expeditionum
683 2347 817 2399 annus
836 2339 971 2402 novas
990 2341 1222 2431 gen-capos,

94 2454 1089 2569 esaperuit,vastatis‘usqueadTaum(aestuario

94 2621 214 2675 omen
234 2593 318 2699 est)
339 2590 595 2670 nationibus.
644 2592 738 2702 Qua
763 2580 988 2682 formidine
1007 2609 1092 2673 ter·

98 2733 127 2808 ti
161 2730 307 2806 hostes
339 2722 594 2838 quamquam
632 2725 920 2804 conflictatum
952 2734 1090 2808 saevis

94 2860 382 2973 impastatibus
398 2860 632 2938 exercitum
649 2859 858 2940 lacessere
870 2889 962 2940 non
979 2866 1090 2968 ausi3

94 2986 348 3104 mendisque
358 2992 386 3054 ¹)
408 2996 583 3100 insuper
600 2994 782 3074 castellis
798 2999 981 3103 spatium
997 2998 1091 3079 fuit.

96 3133 344 3215 nnotabant-
374 3130 522 3238 periti,
562 3157 648 3207 non
680 3108 807 3210 aliurn
840 3131 988 3211 ducem
1021 3162 1093 3243 op-

94 3268 343 3351 munitates
391 3264 584 3343 locorum
627 3266 858 3372 sapientius
903 3265 1090 3378 legisse:
1187 3245 1192 3250 ⁵

95 3406 218 3487 ullum
249 3401 302 3482 ab
330 3400 532 3508 Agricola
562 3400 749 3506 positum
776 3404 993 3485 castellum
1021 3423 1095 3491 aut

95 3597 98 3619 t
130 3539 322 3647 bostium
351 3531 663 3642 expugnatum,
704 3551 775 3615 aut
814 3541 1011 3643 pactione
1044 3570 1094 3622 ac
1213 3536 1217 3544 ’

95 3703 161 3787 iga
187 3673 428 3753 desertumt
478 3669 667 3750 Crebrae
695 3673 961 3786 eruptioncst
984 3659 1093 3756 ‘nam

95 3811 265 3893 lversus
284 3831 427 3889 moras
447 3801 679 3889 obsidionis
703 3809 853 3890 annuis
873 3812 1004 3917 copiis
1024 3814 1094 3890 lir-

95 3946 301 4026 iabantur.
363 3942 427 4021 Ita
441 3941 655 4050 intrepida
677 3941 735 4019 ibi
762 3921 914 4047 hiems,
946 3962 988 4027 et
1012 3945 1092 4027 sibi

125 4128 155 4191 o)
176 4123 204 4182 8.
223 4119 286 4182 xx.

127 4230 155 4292 1)
174 4223 203 4284 8.
221 4222 272 4292 ΧῙ)
289 4236 316 4283 2·
