2588 4732
228 372 285 466 to
463 367 508 448 c.
540 350 807 449 toauatu
838 367 1021 449 ractrt

228 571 461 670 obsidibus,
480 571 588 650 iram
607 597 805 677 posuere,
824 584 866 679 et
879 570 1107 678 praesidiis
1120 573 1253 652 castei-

209 709 360 815 iisque
389 704 689 804 circumdatae,
721 721 840 784 tanta
865 707 1034 785 ratione
1055 732 1267 814 curaque,

226 860 273 922 ut
291 841 321 902 ὅ)
350 841 463 921 nulla
494 855 591 918 ante
619 838 866 919 Britanniae
899 868 1022 921 nova·
1043 868 1147 949 para
1177 844 1265 922 itu..

72 1073 77 1095 x
112 1050 129 1089 ¹,
227 981 383 1058 cassita
412 976 647 1054 transierit.
799 1059 814 1093 ἱ
1022 976 1024 984 ’
1280 1070 1284 1081 Ι

96 1131 225 1217 caput.
289 1168 292 1174 ι
315 1114 506 1219 Sequens
526 1107 965 1190 hiemssaluberrimis
984 1115 1171 1193 consiliis
1189 1115 1240 1192 ai>

227 1263 408 1354 sumpta.
454 1247 666 1351 Namque,
698 1259 743 1322 ut
773 1247 969 1324 homines
1000 1247 1237 1355 disperai‘ac
1275 1224 1284 1311 s

224 1384 353 1465 rudes
385 1394 535 1490 coque
557 1378 669 1457 bello
690 1378 717 1440 ί)
739 1379 890 1460 dacilas
930 1362 1060 1488 quieti
1101 1400 1141 1463 et
1171 1386 1235 1462 otio

226 1547 305 1627 per
329 1517 570 1623 voluptates
597 1529 905 1619 assuescerent,
937 1518 1105 1597 hortari
1123 1521 1236 1626 priva·
1281 1568 1284 1633 2

227 1711 360 1783 suijuris
378 1723 467 1770 erant.
503 1709 576 1769 diist.
595 1721 626 1778 tt,
644 1718 696 1767 ott
725 1707 856 1764 Sincerue
884 1723 913 1767 et
934 1712 1045 1785 integer
1071 1725 1100 1768 et
1116 1714 1235 1768 servitutis

226 1814 335 1870 oblitus
352 1808 478 1885 populus
496 1824 546 1866 aut
564 1829 596 1864 ex
614 1827 704 1882 aequo
724 1811 823 1886 agetis,
842 1824 890 1869 aut
905 1813 970 1868 aliis
984 1810 1170 1886 imperabitis.
1192 1811 1235 1867 ta.

226 1929 253 1985 t,
264 1928 310 1975 aar
331 1915 380 1986 qui
398 1933 431 1966 ex
449 1929 540 1984 aequo
554 1929 606 1965 nos
622 1912 731 1966 venisse
747 1912 776 1965 in
791 1914 942 1968 amicitiam
955 1905 1181 1975 meminissemus.
1200 1914 1236 1972 lu.

294 2022 322 2084 5)
343 2014 479 2086 Suspicor
505 2013 642 2067 excidisse
669 2013 722 2067 sic
749 2013 793 2067 rel
819 2015 871 2068 ita
896 2028 962 2086 post
986 2034 1090 2087 pars:
1123 2017 1162 2072 ita
1184 2017 1236 2070 bene

225 2118 332 2172 munita
350 2114 474 2187 oppida,
500 2127 532 2169 ut
555 2132 696 2186 nunquam
722 2115 758 2170 ab
782 2115 913 2170 hostibus
938 2117 1072 2172 lacessita
1099 2112 1237 2184 sintbsilo,

226 2238 289 2275 cam
308 2214 378 2272 alias
396 2233 484 2270 norae
503 2229 598 2288 partes
623 2215 788 2287 provinciae
807 2216 949 2272 Romanae
967 2218 1096 2288 adjectae
1124 2219 1239 2275 crebros

226 2319 360 2374 barbaris
387 2328 581 2385 tentarentur,
613 2317 637 2370 ai
663 2316 738 2370 forte
765 2317 897 2388 recipere
922 2334 1048 2391 possent.
1070 2322 1122 2380 -Ε
1161 2321 1192 2376 T.
1206 2317 1240 2371 itit

62 2490 66 2497 ἢ
109 2429 112 2434 ’
226 2436 258 2477 ut
275 2420 339 2475 aliis
358 2420 431 2474 locis
449 2396 597 2473 brevitatis
615 2418 709 2472 stadio
733 2419 802 2472 duas
821 2414 1028 2474 enuntiationes
1046 2422 1076 2474 in
1095 2440 1176 2477 unam
1192 2438 1241 2476 con·

226 2523 322 2582 traxit.
357 2520 547 2595 Manifestum!
563 2531 605 2574 stt
627 2517 659 2574 Τ.
680 2520 838 2592 cogitasse:
868 2520 1160 2591 circumdaturum,
1183 2533 1243 2577 tauta

226 2625 337 2680 ratione
357 2599 498 2694 onradus,
523 2633 572 2689 ut,
589 2631 622 2674 nt
639 2621 718 2675 nulla
737 2634 800 2676 ante
818 2621 984 2677 Britannias
1002 2640 1076 2678 nora
1094 2607 1173 2696 pars,
1188 2618 1243 2678 haec
1277 2668 1284 2703 Ἰ

227 2743 301 2781 uota
318 2723 474 2779 illucessita
492 2720 648 2779 transierit.
683 2722 730 2792 Sg.
765 2723 862 2776 Andre
881 2724 931 2778 tait
949 2722 1096 2779 Schanzen
1114 2727 1173 2780 und
1187 2723 1246 2780 aa·

227 2846 282 2900 gen
308 2824 502 2881 umschlosssn
530 2829 575 2890 (so
598 2823 795 2879 einsichtsroll
820 2824 879 2878 und
906 2842 1054 2898 sorgsam,
1080 2828 1135 2880 wie
1161 2827 1248 2881 iether

227 2903 293 2981 liein
311 2925 514 2980 neuumfasster
526 2923 814 2993 TheilBritanniens)
833 2938 931 2989 traten
943 2928 1091 2999 ungereizt
1108 2928 1190 2988 ther.
1212 2924 1247 2980 W.

226 3026 280 3084 Die
299 3028 449 3101 Aulegung
475 3025 526 3080 der
552 3000 642 3081 uedeo
658 3023 807 3079 'Schsnzeu
826 3027 888 3081 >and
906 3026 1111 3098 Waffeupldtee
1138 3027 1250 3102 gaeta

227 3133 277 3186 mit
294 3129 410 3184 solcitsr
427 3127 617 3205 Berechaung
641 3127 700 3181 und
718 3127 818 3197 Waitl,
847 3129 907 3182 dass
933 3129 999 3184 ltein
1017 3127 1062 3184 bis
1083 3130 1171 3185 dahis
1188 3129 1251 3184 noch

160 3208 163 3214 .
226 3231 429 3287 onhetretener
446 3229 528 3283 Theil
547 3225 599 3282 der
617 3225 692 3282 Inssl
710 3214 1255 3311 un'angefochtenhanalartnirt

197 3319 200 3336 ι
226 3332 324 3402 blieb3
351 3331 397 3385 die
419 3331 564 3404 Anleguug
590 3330 670 3399 jener
693 3328 789 3384 Platae
813 3330 904 3384 aelbst
922 3349 982 3385 war
1000 3319 1061 3385 eine
1081 3330 1254 3388 stillsohuei·'

227 3434 317 3508 geede
344 3430 554 3505 Anktindignng
573 3417 625 3483 'fiir
652 3431 697 3484 die
724 3431 799 3485 noch
825 3433 1063 3501 ununterjochten
1091 3432 1255 3488 Landeaein·

229 3535 356 3602 wohner,
376 3533 437 3587 dass
456 3550 485 3586 et
504 3550 559 3585 nnn
577 3531 651 3586 auch
668 3513 704 3587 aa
722 3533 762 3586 eis
778 3539 907 3586 konnen
923 3534 1035 3603 werde;
1054 3533 1200 3591 lacessere
1213 3535 1257 3590 be·

228 3637 358 3691 seichnet
384 3634 437 3688 den
454 3631 617 3706 Eindruclt,
644 3633 697 3686 den
724 3633 769 3687 die
789 3632 879 3688 Sache
906 3635 958 3689 auf
980 3634 1027 3689 die
1045 3634 1134 3691 Lente
1154 3638 1258 3693 meante

228 3737 299 3792 oder
317 3724 434 3791 macheu
454 3735 557 3805 sollte3
576 3733 697 3789 transire
713 3746 780 3789 statt
795 3735 924 3805 tramitti,
943 3736 1035 3791 aittire
1050 3734 1259 3810 Bessichntteg,

228 3849 297 3894 ttatt
320 3839 372 3892 der
397 3837 542 3909 passiven,
569 3835 654 3890 theila
672 3852 769 3910 wegen
797 3837 845 3890 des
864 3838 1040 3910 Rhythmus,
1067 3839 1173 3908 theiis,
1198 3838 1260 3893 weil

147 3927 151 3936 ¹
229 3941 291 3996 eine
309 3939 420 4014 passive
444 3935 628 3993 unmittelhar
655 3938 820 4011 voraugsht.
863 3937 1014 4008 Transire,
1041 3940 1262 4015 dhes-geben,

228 4042 257 4095 in
276 4043 338 4096 dem
357 4041 452 4107 Sinas,
472 4039 525 4093 wie
543 4038 611 4094 wire
628 4056 683 4094 ron
702 4037 781 4093 einer
799 4039 923 4113 Festung
940 4040 1136 4116 gebraucheu,
1161 4040 1264 4098 kommt

229 4142 306 4198 wohl
324 4117 458 4222 ningenda
476 4155 539 4198 vor·

298 4250 325 4312 ι)
345 4243 373 4302 S.
392 4238 456 4311 xtt,
474 4252 500 4301 ⁶.
