2588 4732
121 125 176 213 86
360 118 404 205 C.
438 121 705 203 CORNELII
735 121 917 203 TACITI

17 330 19 334 ’
122 352 217 404 cere
249 323 419 431 quidam
446 326 754 432 cogitationum
779 323 986 431 principis
1012 322 1129 428 periti,

124 461 218 566 qui,
250 459 453 538 iturusne
479 473 601 560 esset
631 461 675 538 in
705 445 1012 568 prouinciam,
1039 457 1131 535 ultro

124 594 370 701 Agricolam
410 596 745 702 interrogarent.
818 599 881 674 Ac
918 593 1055 700 primo
1084 569 1143 670 ocJ

124 729 277 808 cultius
316 729 502 838 quietem
544 743 586 806 et
633 731 765 808 otium
811 728 1010 833 laudare,
1055 753 1145 804 mox

126 891 301 970 operam
332 891 452 942 auam
488 865 531 940 in
570 848 846 970 approbanda
871 858 1145 940 ‚excusatione

126 999 302 1099 offerre3
342 1013 561 1105 postremo
594 1026 680 1075 non
712 1012 798 1076 tam
832 997 1029 1095 obscuri,
1066 1023 1152 1073 sua·

121 1133 273 1212 'dentes
290 1131 318 1193 ³)
340 1133 463 1211 simul
495 1147 791 1239 terrentesque
822 1140 1074 1242 pertraxere
1102 1128 1154 1207 ad

123 1269 428 1347 Domitianum.
471 1269 571 1380 'Qui
611 1283 785 1374 paratus
826 1267 1090 1347 simulatione
1108 1262 1154 1363 θ,

124 1405 168 1482 in
201 1403 494 1509 arrogantiam
533 1404 792 1510 compositus
832 1416 874 1478 et
905 1401 1038 1478 audiit
1066 1428 1157 1506 pre·

127 1566 196 1618 ces
225 1538 466 1619 excusantis
494 1552 549 1637 et,
579 1567 706 1645 quum
733 1537 966 1635 annuisset,
993 1536 1061 1643 agi
1079 1535 1155 1612 sibi

127 1674 288 1782 gratias
319 1699 468 1783 passus
501 1687 587 1772 est,
619 1701 697 1751 nec
729 1654 1156 1783 erubuit⁵)·beneficii

48 1867 54 1873 ,
126 1806 308 1906 invidia3
342 1806 542 1884 salarium
573 1823 716 1886 tamen
747 1807 1043 1914 proconsulari
1068 1803 1157 1882 soii·

128 1957 218 2021 tum
251 1941 409 2040 offerri,
443 1955 484 2020 et
516 1943 767 2049 quibusdam
808 1970 832 2020 a
864 1970 908 2021 se
941 1925 1033 2052 ipso
1064 1966 1154 2016 con·

130 2105 316 2175 cessum,
355 2077 582 2182 Agricolae
620 2104 706 2159 non
738 2077 873 2178 dedit3
915 2078 1006 2156 sive
1039 2075 1151 2155 offen·

131 2239 216 2310 sua,
248 2238 334 2292 non
364 2213 559 2319 potitum,
592 2213 682 2290 sive
708 2241 760 2289 ox
790 2213 1147 2310 conscientiam,

104 2348 246 2455 ‚quod
291 2361 512 2446 vetuerat,
558 2347 778 2428 videretur
823 2348 991 2429 emisse.
1067 2348 1147 2422 Pro·

130 2485 272 2591 prium
295 2480 323 2590 ἔ)
354 2483 528 2562 humani
560 2483 722 2589 ingenii
756 2497 834 2582 est,
868 2483 1009 2566 odisse
1041 2503 1141 2590 quein

129 2726 226 2792 Dum„
245 2727 387 2798 quomodo
403 2746 464 2781 eum
475 2728 550 2780 forte
562 2727 731 2810 depelleret,
750 2747 811 2782 cum
826 2728 983 2803 exemplum
994 2740 1054 2786 eote
1064 2716 1141 2792 oculo·

131 2829 261 2894 haberet,
281 2829 357 2901 quod
376 2828 436 2898 ipse
457 2828 592 2884 edidisset
610 2829 638 2882 in
659 2829 766 2889 Civica.
800 2829 834 2886 E.

148 2993 152 2998 .
214 2946 502 3015 )8.xxvl1,a,d.

199 3022 226 3115 a)
247 3047 275 3104 S.
293 3048 358 3117 ΧΙΙ,
377 3061 402 3107 c.

200 3155 227 3215 5)
247 3147 313 3202 Non
339 3149 453 3203 erubuit
476 3149 658 3222 permittere,
685 3162 716 3202 ut
740 3148 878 3222 insignem
904 3149 1038 3215 injuriam
1055 3149 1145 3204 dun·

132 3267 214 3322 quam
231 3250 400 3310 beneficium
411 3263 579 3322 agnosceret
589 3251 798 3322 acciperetque.
822 3245 987 3305 Illustratur
997 3251 1045 3306 bic
1055 3240 1147 3302 iocosa

133 3351 239 3405 Seneca
258 3352 292 3405 de
312 3351 376 3407 ben.
395 3365 420 3418 ιι,
439 3365 488 3411 17:
507 3352 569 3422 quie
589 3364 646 3423 eet,
666 3352 713 3422 qui
733 3369 788 3405 uon
807 3351 952 3407 beneficus
971 3351 1061 3405 videri
1079 3345 1151 3401 velit?

132 3454 180 3524 qui
199 3470 255 3506 non
272 3453 347 3507 inter
374 3453 483 3507 scelera
508 3465 536 3505 et
559 3453 678 3521 injuriae
697 3453 860 3524 opinionem
878 3451 1018 3506 bonitatis
1035 3447 1152 3506 affectet?

132 3555 181 3624 qui
208 3572 263 3607 non
290 3555 376 3626 ipois,
412 3571 484 3625 quae
512 3554 746 3625 impotentissime
779 3553 863 3620 fecit,
896 3554 1020 3624 speciem
1048 3553 1156 3624 aliquan

132 3656 232 3712 induat
249 3657 343 3711 recti?
371 3656 439 3710 velit
465 3672 578 3727 quoque
605 3656 640 3707 iic
660 3655 751 3708 videri
771 3654 938 3708 beneficium
959 3655 1082 3721 dedisce,
1100 3667 1158 3724 quot

130 3759 234 3813 laesit?
254 3756 360 3830 gratiae
376 3758 471 3828 itaque
488 3757 606 3831 egilsihi
618 3757 653 3811 ab
663 3757 719 3823 his,
732 3774 803 3828 quoa
814 3755 946 3822 afflixere,
962 3758 1119 3828 patiuntur.
1135 3751 1160 3809 Ρ.

198 3882 226 3943 6)
243 3877 305 3929 Hoc
325 3875 432 3930 hahent
451 3876 600 3946 pessimum
626 3875 710 3929 animi
738 3888 838 3946 magna
862 3876 979 3930 fortuna
997 3874 1163 3930 insolentes:

131 3994 202 4047 quoe
221 3976 375 4044 laeserunt,
394 3989 424 4036 et
440 3978 572 4034 oderunt.
611 3975 675 4036 Son.
695 3976 729 4033 de
748 3976 836 4043 ire't,
856 3989 898 4037 33.
