2588 4732
233 345 288 455 96
314 345 358 424 c.
379 274 842 422 coauannmcm
861 276 1152 422 Acnrcom
1171 346 1238 437 aa.

227 543 540 628 immortalibus
559 542 767 640 laudibus,
788 542 880 620 etsi
900 557 1055 621 natura
1073 546 1261 652 suppedi-

160 762 163 767 ,
228 697 306 781 tet,
326 678 597 757 similitudine
614 677 881 755 decoremus.
914 678 952 755 Is
970 681 1257 783 verushonos‚

230 845 282 896 ea
301 810 633 919 conjunctissimi
661 807 861 917 cujusque
885 813 1036 917 pietas·
1087 814 1134 891 ld
1159 815 1256 893 filiae

231 975 396 1058 quoque
425 949 634 1053 uxorique
661 946 977 1051 praeceperim,
1012 947 1082 1025 sic
1101 951 1254 1057 patric,

230 1086 297 1163 oio
321 1082 477 1159 mariti
498 1080 762 1159 inemoriam
789 1081 1015 1179 uenerari,
1043 1097 1095 1160 ut
1118 1085 1255 1162 omniu

223 1215 363 1326 facta
383 1217 588 1323 dictoque
607 1208 702 1318 ejus
721 1241 873 1291 aecum
890 1217 1144 1315 revolvant,
1159 1214 1253 1323 for·

229 1349 473 1457 mamquell
495 1379 549 1428 ac
557 1348 774 1456 figuram
791 1349 928 1428 animi
943 1352 1115 1458 magio,
1134 1382 1254 1458 quom
1274 1424 1277 1429 .

230 1484 455 1593 corporeo,
473 1482 847 1588 complectuntur:
867 1512 953 1562 non
971 1487 1071 1591 quia
1085 1487 1253 1564 interce·

162 1693 168 1708 ,
230 1619 413 1698 dendum
437 1632 582 1723 putem
608 1617 887 1723 imaginibus,
915 1644 1022 1726 quae
1046 1648 1252 1699 marmore

230 1769 302 1832 aut
322 1779 420 1831 aere
440 1752 680 1856 finguntur3
707 1751 780 1828 sed
801 1767 848 1829 ut
866 1754 1006 1831 vultus
1025 1755 1252 1854 hominum,

228 1890 288 1966 ita
317 1887 543 1965 simulacra
568 1885 709 1962 vultus
736 1886 946 1965 imbecilla
982 1916 1030 1966 ac
1066 1890 1265 1968 mortalia·

229 2036 347 2122 sunt3
369 2021 506 2097 forma
519 2013 678 2096 ‘mentis
698 2035 887 2121 aeterna,
907 2050 1033 2128 quarn
1054 2037 1202 2103 tenere
1219 2037 1252 2100 et

230 2157 471 2261 exprimere
491 2181 576 2247 non
594 2180 672 2257 per
692 2155 872 2233 alienam
890 2157 1118 2234 materiam
1140 2173 1182 2235 et
1199 2186 1255 2235 ar·

229 2305 332 2388 tem,
352 2289 425 2365 sed
443 2288 525 2364 tuie¹
544 2288 633 2392 ipse
650 2289 840 2376 moribus
859 2290 1010 2395 possis.
1051 2290 1256 2404 Quidquid
1290 2350 1293 2389 3

230 2454 283 2504 ex
301 2423 503 2530 Agricola
521 2423 778 2523 amavimus,
807 2424 1007 2531 quidquid
1033 2427 1181 2505 mirati
1200 2454 1257 2504 su·

142 2566 149 2573 ’
227 2587 337 2657 mua,
356 2572 514 2656 manet,
534 2547 864 2665 mansurumque
883 2573 946 2636 est
964 2560 1175 2640 inanimis
1192 2563 1259 2640 ho·

228 2696 405 2791 minum,
433 2693 476 2769 in
505 2695 756 2770 aeternitate
784 2708 1040 2798 temporum,
1069 2696 1260 2774 famare·

228 2837 338 2907 rum.
379 2828 490 2904 Nam
508 2821 701 2903 multos³l
716 2840 911 2906 veterum
928 2828 1261 2938 velutinglorios

230 2978 272 3042 et
291 2961 499 3069 ignobiles
521 2961 678 3039 oblivio
700 2962 871 3039 obruet:
896 2965 1102 3069 Agricola
1127 2980 1263 3072 poete·

228 3098 346 3176 ritati
367 3110 564 3175 narratus
584 3108 626 3172 et
641 3095 821 3174 traditus
841 3112 1057 3202 superstes
1079 3101 1180 3179 erit.

230 3274 279 3329 dae
298 3275 393 3328 sicher
411 3272 545 3326 atehcnde
564 3272 588 3324 si
607 3284 707 3327 natura
731 3273 894 3345 suppeditet
916 3273 1059 3346 heseitigt.
1095 3275 1153 3329 Die
1173 3274 1265 3331 Nuclr·

230 3374 360 3447 ciferung
387 3373 460 3426 ltann
479 3373 552 3426 auch
571 3373 866 3451 ohneflhinreiuhende
884 3374 967 3428 ttraft
984 3375 1175 3448 stattfinden3
1193 3378 1267 3432 nieht

229 3459 367 3531 abesan
386 3473 606 3540 uaneuommen,
626 3473 671 3526 aa
689 3474 901 3532 aeanunnn.

296 3582 325 3643 n]
340 3575 384 3631 W.
400 3574 499 3627 henan
517 3574 561 3626 die
573 3573 689 3628 Leccart
709 3575 865 3645 famamque
884 3576 942 3628 und
957 3575 1068 3629 erkltrt
1086 3595 1118 3630 cs
1139 3579 1192 3633 mit
1207 3579 1265 3633 den

228 3677 280 3749 Fg.
297 3677 345 3729 fiir
361 3675 571 3746 Hendicdyoiu.
606 3674 675 3728 Dals
694 3676 854 3729 Tochter
872 3676 942 3730 und
958 3676 1082 3729 Guttin
1109 3679 1159 3732 dic
1180 3681 1265 3753 figure

228 3752 314 3832 animi
334 3776 382 3829 deo
401 3775 502 3831 Guttcn
521 3775 579 3828 und
597 3776 645 3829 des
664 3776 764 3830 Vetera
790 3777 880 3830 durch
901 3777 945 3829 dic
964 3772 1059 3842 fama,
1088 3779 1137 3831 eiu
1157 3797 1189 3835 so
1207 3798 1266 3835 nuc.

228 3878 372 3950 wendigee
390 3853 475 3950 Ding,
495 3877 620 3930 erfacscn
639 3878 741 3946 tollen,
760 3878 797 3931 ist
815 3878 913 3950 gewisc
931 3877 1121 3948 undenkbar‚
1141 3882 1200 3936 und
1220 3880 1266 3936 mit

229 3980 302 4046 dem,
323 3995 378 4031 was
394 3977 426 4031 T.
445 3977 640 4045 hierimuth,
659 3978 860 4041 unvereinbur‚

296 4083 328 4149 3)
344 4079 415 4133 Hor.
437 4077 491 4132 Od.
510 4091 535 4146 t,
551 4089 577 4146 o,
595 4089 638 4138 πε.

604 4216 895 4247 *0-
