2588 4732
221 446 225 453 Ι
289 320 797 441 AGRICOLA.13.19·
1008 338 1060 414 n
1108 346 1113 355 ·

23 527 213 604 arduum
232 540 306 604 aut
324 526 529 604 invictum
548 521 807 600 crediderint
832 522 892 599 sic
911 520 963 599 ad
981 521 1067 600 hel·
1121 573 1123 576 -

29 658 118 738 lum
136 660 435 740 venientibus.
487 659 550 735 lta
573 656 707 764 petita
730 684 834 764 pace
859 684 908 735 ac
927 655 1068 741 dedita

40 793 186 894 insula,
221 795 360 873 clarus
391 821 441 872 ac
466 819 647 900 magnus
674 773 824 903 halseri
844 789 1068 899 Agricola·

51 930 190 1036 quippe
222 929 289 1008 cui
329 925 588 1035 ingredienti
626 927 917 1032 provinciam,
958 926 1070 1034 quod

56 1078 203 1173 tempus
235 1044 304 1141 alii
336 1091 415 1170 per
446 1042 775 1140 ostentationem
814 1076 886 1140 aut
918 1064 1071 1140 officio-

11 1296 15 1317 Ι
61 1228 135 1277 rum
152 1195 199 1260 1²
226 1198 433 1277 ambitum
460 1197 718 1303 transigunt,
744 1196 867 1274 labor
894 1211 936 1274 et
961 1196 1072 1303 peri·
1125 1245 1128 1252 =

11 1324 19 1409 l
65 1335 178 1412 culum
208 1332 450 1441 placuisset.
521 1331 614 1410 Nec
641 1331 867 1438 Agricola,
898 1358 1073 1438 prospe·
1128 1386 1130 1391 -

66 1470 166 1548 ritate
196 1495 344 1547 rerum
383 1466 426 1544 in
467 1466 700 1543 vanitatem
738 1491 863 1564 usus,
892 1467 1074 1572 'expedi-

11 1679 12 1684 ,
67 1604 199 1682 tionem
235 1617 308 1681 aut
344 1599 570 1680 victoriam
603 1599 793 1684 vocabat¹
811 1601 949 1680 victos
975 1628 1073 1680 con-

11 1738 236 1817 tinuisse·
264 1764 319 1815 ne
340 1737 542 1815 laureatis
560 1731 605 1784 ¹³³
634 1734 803 1841 quidem
829 1749 951 1842 gesta
976 1764 1074 1842 pro·

17 1836 26 2007 Ι
68 1889 209 1952 secutus
238 1887 316 1958 cst.
366 1870 480 1951 Sed
469 1897 562 1976 ipsa
585 1868 918 1949 dissimulatione
937 1870 1075 1951 famae

17 2010 26 2121 Ι
68 2005 196 2087 samam
220 2008 354 2106 auxit,
386 2003 723 2104 aestimantibus,
756 2020 913 2115 quanta
943 2005 1074 2089 futuri

13 2124 41 2355 Ι.
68 2168 138 2248 spe
146 2159 234 2222 tam
264 2169 422 2249 magna
452 2138 668 2221 tacuisset.

126 2298 348 2376 Caeterum
363 2293 603 2374 animorum
613 2293 860 2401 provinciae
871 2287 1207 2415 Prudessssffiapnc}

18 2431 250 2542 simulque
267 2431 416 2508 doctus
432 2457 511 2536 per
529 2427 667 2507 aliena
686 2429 900 2534 exempla,
923 2458 1074 2535 parum

10 2576 15 2657 Ι
65 2569 190 2669 profici
203 2591 585 2672 armis,s11nJur1ae
598 2578 893 2670 sequerentur
905 2591 1075 2644 caussas

10 2666 16 2805 Ι
63 2698 249 2782 bellorum
290 2701 438 2780 statuit
479 2697 691 2778 excidere.
753 2704 792 2780 A
823 2725 867 2777 se
906 2700 1075 2808 suisque

10 2844 12 2899 ἱ
63 2862 164 2916 orsus
183 2838 367 2946 primam
390 2836 561 2915 domum
584 2861 704 2915 suam
723 2835 932 2936 coercuit3
964 2836 1077 2943 quod

61 3063 111 3119 lun
127 3082 237 3138 aequor
252 3055 460 3120 millenarium
479 3063 563 3118 remis
576 3076 705 3134 strepere
720 3074 781 3117 aut
798 3063 893 3117 velis
912 3063 1075 3134 impelli:

9 3222 16 3239 ι
61 3164 189 3222 laslleer
206 3167 282 3223 wirtl
299 3167 454 3240 gleichsam
472 3165 572 3220 weiter
590 3163 769 3237 geschoben,
796 3164 934 3220 wahremt
951 3165 1077 3238 dagegen
1099 3172 1103 3177 '

60 3265 94 3320 lie
109 3268 290 3324 Schwimmer
308 3268 357 3322 (lae
375 3267 454 3320 Meer
472 3266 551 3320 nicht
576 3285 610 3318 zu
628 3264 823 3321 beherrachen
841 3265 991 3333 achainen,
1018 3265 1079 3322 leci-

59 3384 99 3421 nen
113 3370 289 3443 imponantqn
307 3368 432 3422 Anblielt
450 3366 613 3440 gewalrren.

110 3469 435 3540 1t)0ffic1umllomania
455 3467 615 3536 dicebatur,
634 3467 772 3538 quidquid
787 3467 906 3524 honoria
925 3468 971 3520 vel
989 3468 1077 3523 studii

29 3581 78 3631 et
91 3589 203 3644 operae,
220 3571 266 3626 vel
284 3571 413 3645 petronia
430 3587 447 3625 a
464 3569 616 3623 clientibus
635 3568 803 3636 salutando,
829 3569 1007 3636 deducendo,
1034 3587 1077 3622 se-

12 3738 20 3749 ·
57 3675 153 3742 otredo,
170 3672 352 3728 oecumendo
364 3684 418 3729 etc.
436 3671 481 3724 val
491 3671 589 3726 amicis
608 3683 636 3725 et
651 3670 777 3743 cognatis
793 3670 904 3726 solenni
917 3670 1014 3742 aliqua
1028 3687 1077 3725 oc·

9 3746 17 3849 Ι
57 3773 152 3827 tatione
173 3773 385 3846 praestabatur.
420 3771 457 3832 Η.

9 3852 11 3871 ¹
109 3879 151 3942 ¹3)
169 3875 244 3934 Hist.
264 3886 297 3941 a,
316 3886 366 3933 77¹:
395 3872 460 3945 Ipse
488 3871 618 3940 (Vitellii
644 3871 755 3940 frater)
782 3871 908 3929 lauream
935 3889 1075 3943 prospere

8 3952 14 4049 Ι
54 3987 132 4043 gestae
148 3977 192 4030 rei
211 3977 248 4032 ad
266 3976 384 4031 fratrem
404 3974 490 4034 misit.
513 3972 670 4042 Liv.5,ua;
690 3985 733 4040 ts,
744 3987 768 4031 1.
786 3972 860 4026 Plin.
876 3973 1073 4039 H.N.1s‚sc=

8 4054 14 4149 l
53 4070 134 4131 laurus
152 4077 287 4132 Romanis
306 4076 479 4150 praecipuae
501 4074 626 4130 laetitiae
646 4074 886 4145 victoriarumque
904 4073 1007 4130 nuncia
1025 4074 1075 4130 ad·

52 4173 113 4231 litor
130 4179 236 4240 litteris
254 4191 283 4233 et
300 4177 421 4234 militnm
438 4176 546 4233 lanceis
564 4175 698 4247 pilisque.
734 4175 771 4232 Η.
