2588 4732
116 315 207 432 ssu
393 324 952 421 cheucuucheton

151 553 324 641 „rentes
354 553 395 616 et
422 535 576 646 injuste
604 539 864 646 imperantes
889 562 1036 652 aegra·
1059 553 1182 630 muni·

150 675 291 780 „cipia
316 689 357 751 et
382 672 681 751 discordantia.
744 665 824 753 Hic
844 677 945 778 dux,
979 669 1052 760 hic
1073 712 1179 764 exer·

136 810 315 910 ·„citus:
355 788 413 885 ihi
447 807 607 884 tributa
639 811 881 890 etmetalla
914 829 959 891 et
991 833 1176 898 caeterae

149 943 457 1043 „servientium
496 968 690 1047 poenae:
735 949 921 1050 quasin
965 965 1171 1031 aeternum

150 1076 388 1183 ‚,perferre,
415 1079 655 1159 aut.statim
678 1078 839 1178 ulcisci,
868 1069 913 1158 in
931 1084 1016 1162 hoc
1036 1114 1165 1192 campo

149 1228 244 1313 „est
265 1209 307 1290 ⁵).
357 1210 537 1290 Proinde
554 1195 665 1287 ituri
694 1213 737 1288 in
764 1214 900 1292 aciem
928 1232 972 1296 et
998 1216 1163 1328 majores

148 1358 420 1448 „vestros'et
451 1358 647 1450 posteros
681 1349 915 1453 cogitate.“

15 1496 145 1618 εφη,
233 1497 455 1601 Excepere
482 1487 724 1574 'orationem
753 1497 931 1601 alacres,
960 1517 1007 1581 ut
1032 1504 1163 1586 huba.

147 1633 207 1711 ris
232 1631 365 1709 moris
381 1624 436 1727 ¹),
470 1622 611 1727 cantu,
636 1624 814 1748 fremitu
842 1634 1159 1747 clamoribusque

169 1882 171 1887 ·
214 1863 243 1926 5)
262 1857 315 1916 Dr.
332 1855 492 1929 vergleicht
509 1853 604 1909 Germ.
622 1869 656 1913 5:
676 1869 718 1911 est
730 1858 832 1912 ridere
848 1861 910 1915 hod
927 1864 1058 1919 ahnliche
1071 1864 1150 1920 Stella
1182 1828 1185 1839 Ι

146 1961 193 2016 hei
212 1958 329 2015 andern.
364 1958 409 2013 W.
429 1949 508 2027 sagt:
536 1951 673 2012 beidam
700 1961 877 2031 pregnanten
902 1977 945 2017 est
970 1966 1148 2020 darfnichttr

145 2076 188 2116 est
206 2061 301 2114 videre
327 2058 449 2131 gedacht
472 2058 598 2114 werden.
617 2085 650 2098 -
691 2057 735 2113 Da
754 2061 797 2114 W.
817 2061 899 2115 hcine
920 2063 1011 2119 Stella
1025 2066 1147 2140 belbringt,

144 2179 189 2235 rto
210 2159 315 2214 estin
333 2157 381 2210 hei
399 2157 430 2214 T.
450 2156 554 2210 ebenso
573 2158 722 2226 vorhhme,
748 2177 779 2217 so
803 2161 844 2215 ist'
871 2163 1038 2235 glauhlich,
1063 2167 1110 2220 dass
1123 2180 1144 2216 er

145 2261 284 2316 cbenfalls
300 2260 382 2312 hcine
401 2243 541 2330 defunden
559 2248 619 2312 lrat'.
663 2261 715 2312 Am
733 2262 870 2316 nachsten
887 2236 994 2331 kommt
1011 2268 1082 2321 wohl
1093 2238 1153 2322 Aur.

143 2379 170 2432 o,
190 2375 239 2420 to:
267 2362 320 2415 illo
344 2361 374 2411 in
401 2377 524 2430 corpore
551 2360 636 2414 decus
663 2377 744 2413 omne
765 2361 993 2435 Cheruscorum,
1018 2369 1070 2421 und
1083 2378 1143 2420 untes

144 2477 214 2521 ass
232 2464 261 2515 in
279 2463 323 2514 his
347 2462 450 2517 omnia.
493 2460 552 2512 Der
572 2461 639 2514 Sinn
665 2479 720 2514 ron
747 2480 824 2516 esse
850 2463 903 2533 in,
930 2442 1082 2522 beruhen
1102 2460 1145 2530 aul

126 2569 216 2621 'hano
237 2563 308 2618 nach
329 2562 447 2628 stenen,
466 2560 520 2636 wie
539 2561 600 2619 Liv.
620 2575 661 2629 10,
681 2575 723 2630 tt,
744 2577 791 2633 123
811 2564 871 2623 Cic.
883 2567 919 2620 ad
938 2569 1033 2639 Areu,
1047 2584 1076 2628 ot
1088 2565 1143 2620 niclt

61 2652 65 2664 .
143 2665 319 2721 zweifelhaft
337 2681 417 2733 seyn.
453 2662 663 2735 Ebensowenig
682 2681 795 2734 campus
814 2677 848 2724 st.
865 2667 953 2722 acies.

210 2771 238 2831 1)
258 2764 422 2836 Intelligas:
450 2776 482 2816 ut
507 2763 642 2839 barbaris
669 2764 755 2817 moris
780 2779 850 2835 eet3
877 2768 915 2825 cf.
934 2769 1011 2825 infra
1028 2758 1141 2829 esua.

143 2868 256 2939 Copula
274 2866 385 2936 saepius
404 2881 421 2917 a
438 2863 470 2916 Τ.
490 2863 647 2931 omittitur,
675 2865 713 2921 cf.
733 2865 827 2919 Germ.
846 2880 898 2923 21:
927 2862 1042 2925 abeunti
1062 2862 1144 2940 siquid

86 2944 89 2953 Ι
142 2967 319 3042 poposcerit,
338 2965 495 3019 concedere
514 2963 612 3017 moris.
648 2965 700 3018 Br.
726 2964 780 3027 Die
799 2968 887 3022 andra
906 2969 1040 3028 Leseart:
1062 2970 1145 3025 ertu·

141 3070 206 3124 buri
224 3067 311 3122 moris
330 3078 429 3161 cantu,
454 3066 570 3118 fremitu
586 3076 640 3123 etc.
658 3065 708 3120 hat
726 3081 815 3140 gegen
836 3069 915 3137 sich,
935 3071 997 3126 dass
1021 3073 1090 3127 wohl
1103 3078 1144 3122 not

141 3173 170 3225 in
190 3170 315 3224 solchem
335 3166 419 3221 Sinne
438 3166 612 3237 gebraucht,
631 3166 685 3218 wie
704 3185 732 3219 es
751 3168 820 3220 hier¹
833 3187 902 3240 seyn
921 3174 1040 3242 morere,
1064 3180 1145 3227 cant!

141 3272 226 3326 barb.
246 3268 453 3322 morisnicht
471 3257 645 3320 vorhommt:
667 3267 788 3340 Gesamg,
806 3270 859 3322 wie
870 3271 1021 3327 Barbaren
1038 3274 1145 3345 singen

141 3373 248 3439 ferncr,
269 3369 329 3423 deis
347 3368 395 3421 ,bei
420 3368 513 3420 dieser
532 3367 649 3421 Leseart
675 3368 719 3420 ein
746 3369 848 3424 halhes
867 3374 1032 3449 Asyndeton
1057 3376 1146 3427 hercus-

140 3474 255 3540 ltommt,
274 3470 397 3523 welches
411 3468 567 3522 sicherlich
586 3470 659 3521 ohne
669 3468 797 3540 Beispiel
812 3472 869 3542 Ιἱεῖς
891 3487 918 3528 et
937 3466 1031 3544 centu,
1045 3470 1146 3531 homin,

142 3573 383 3643 clamoribusque.
427 3569 508 3632 Denn
526 3567 579 3622 Dr.
599 3570 765 3642 behauptet,
793 3573 844 3626 der
864 3574 927 3632 Vat.
946 3577 1021 3637 habe
1046 3571 1147 3631 rorlrt·

50 3683 56 3701 ⁸
140 3668 210 3729 mito
228 3672 291 3726 hein
312 3685 349 3740 et,
368 3671 421 3724 wie
440 3688 469 3723 es
488 3671 561 3723 such
575 3670 624 3725 W.
646 3672 787 3743 wegllisst.
833 3673 921 3730 Beide
940 3678 1083 3731 Einworfe
1097 3673 1147 3728 hou·

141 3796 194 3829 nen
213 3793 301 3850 gegen
321 3786 352 3826 ut
373 3771 507 3826 barbaris
532 3772 633 3836 moris,
661 3783 759 3840 centw,
787 3773 918 3844 fremitu,
946 3778 1148 3842 clamoribusque
1182 3774 1185 3841 ξ

141 3879 220 3932 nicht
237 3875 367 3950 gemacht
384 3872 510 3939 werden,
529 3873 565 3925 ds
583 3871 669 3924 moris
689 3884 730 3926 est
746 3873 811 3927 hier
829 3874 857 3926 in
874 3876 970 3956 seiner
985 3875 1146 3955 cigentlichess
1182 3886 1185 3945 ζ

25 3993 28 4002 ·
140 3980 309 4050 Bedeutung
327 3972 487 4040 eracheint,
512 3973 568 4025 und
587 3972 631 4024 ein
651 3991 704 4044 que
724 3987 782 4028 erat
799 3974 873 4028 heim
893 3978 999 4032 dritten
1016 3980 1105 4033 Gliede
1118 3983 1148 4024 ¹8·
1183 4042 1185 4051 Ι

140 4081 241 4136 citiseh
260 4079 314 4132 ist:
334 4075 482 4141 horridus,
500 4074 649 4140 incautus,
668 4052 814 4146 famaeque
834 4076 980 4134 dissimilis
999 4082 1101 4146 Histr,
1116 4083 1147 4128 ¹¹·
1183 4064 1185 4069 Ι

44 4160 48 4167 ’
117 4180 235 4254 'Gegen
255 4181 354 4252 abiges
373 4176 539 4263 Asyndeton
557 4175 604 4242 ist,
623 4191 680 4230 was
697 4175 741 4239 W.
757 4194 791 4232 zu
810 4191 835 4234 c.
854 4190 885 4237 lt
902 4179 1033 4239 bemcrht
1048 4179 1099 4237 ond
1112 4170 1148 4230 nit
1182 4188 1185 4209 ¹
