2588 4732
153 345 210 437 92
292 381 296 388 ·
390 322 949 405 c.'conNn1.11TAcn1

151 554 248 606 rum
288 524 590 604 seminarunt)
620 527 769 606 exsilia
792 541 848 604 et
888 526 1029 632 sugas.
1089 527 1159 609 Unt

152 662 289 739 adbuc
320 661 502 740 victoria
530 663 662 742 Cau-us
688 662 847 739 Metius
863 657 895 722 ³)
918 661 1158 760 censebatur,

136 810 194 874 -et
225 797 338 873 intra
359 793 387 853 ‘⁰
420 795 629 874 Albanam
662 823 805 874 arcem
838 796 1054 873 sententia
1076 799 1158 874 Mes.

152 930 274 1008 salini
293 929 526 1035 strepebat,
547 945 588 1007 et
606 931 751 1008 Mass'a
771 928 800 990 ⁵)
819 930 978 1008 Bcbius
997 910 1165 1036 jamtum

150 1093 249 1144 reus
283 1078 408 1173 erat.
458 1065 564 1143 Mox
595 1077 768 1142 nostrae
793 1062 822 1124 θ)
854 1064 1017 1143 duxere
1038 1063 1157 1144 Helvi·

170 1270 172 1275 -
216 1247 246 1309 a)
262 1242 305 1293 ax
322 1241 400 1294 hasce
420 1239 494 1298 Ptin.
512 1240 568 1311 ap.
584 1251 615 1309 a,
633 1255 681 1310 113
709 1253 740 1309 a,
760 1253 791 1300 o
817 1242 944 1296 nominat
962 1241 1087 1309 arrian,
1110 1218 1166 1293 cru'

150 1342 245 1397 cillam
265 1354 293 1395 et
307 1341 454 1399 Fanniam.
488 1343 523 1399 V.
857 1403 859 1407 Ι
937 1321 939 1324 ⁴

217 1448 246 1506 3)
264 1442 318 1495 Hic
347 1459 497 1494 enumero
526 1441 684 1495 delatorum
709 1460 782 1496 unus
809 1442 864 1496 fuit
890 1443 968 1515 apud
985 1441 1157 1506 Domitianum,
1179 1446 1189 1509 'l

81 1566 86 1578 ¹
148 1543 199 1597 sed
225 1542 347 1596 omnium
374 1541 620 1597 sceleratissimus.
666 1543 736 1611 Ejus
762 1542 888 1597 meminit
914 1543 990 1596 Plin.
1016 1544 1068 1613 Ep.
1092 1557 1118 1608 t,
1134 1551 1156 1608 ⁵3
1178 1514 1189 1617 l

148 1656 174 1711 7,
192 1655 232 1701 19.
250 1656 293 1700 27.
330 1642 396 1696 Gari
423 1644 590 1695 mentionem
615 1644 724 1697 iaciunt
747 1642 1016 1712 luvenalis'153a3
1042 1640 1156 1696 Martialis
1179 1620 1189 1691 l

148 1759 190 1811 ι’),
210 1757 253 1802 25.
289 1742 437 1799 Caeterum
457 1761 593 1816 quaenam
611 1744 700 1798 fuerit
716 1744 771 1799 ista
789 1745 881 1817 prima
899 1744 1022 1798 victoria
1040 1755 1067 1796 et
1081 1743 1155 1798 adver·
1187 1778 1189 1785 .

147 1862 194 1898 sus
213 1863 313 1915 quem,
332 1845 455 1899 nondum
482 1844 588 1917 reperi.
633 1845 665 1898 ld
684 1862 796 1916 quoque
816 1862 870 1898 non
889 1844 1088 1911 omittendum,
1110 1858 1153 1894 vet·
1184 1834 1189 1881 ῗ

145 1945 212 2000 bum
232 1945 450 2000 censebatur
476 1945 524 1999 hic
551 1944 757 2019 elegantissime
775 1945 899 2018 positum
919 1963 980 1999 esse
999 1961 1052 2018 pro
1069 1940 1152 2000 aesti·

145 2047 314 2114 mabatur.
352 2046 405 2104 lib.
1087 2038 1091 2045 ’

213 2153 241 2215 ιι)
270 2145 376 2200 Solitas
403 2146 458 2214 fuit
476 2147 654 2202 Domitianus
680 2159 776 2219 patres
803 2147 958 2219 aliqnando
985 2146 1014 2200 iu
1039 2145 1151 2199 Albanus

115 2304 119 2314 ,
144 2247 242 2301 villam
268 2248 297 2299 in
325 2247 474 2301 consilium
502 2265 671 2303 convocare.
707 2249 750 2300 Eo
769 2249 835 2303 loco
855 2248 1019 2303 Corneliam
1035 2244 1149 2300 Vestalem

37 2374 49 2401 l
143 2348 244 2402 incesti
272 2349 427 2402 damnatam
454 2349 544 2402 refert
570 2348 645 2401 Plin.
664 2349 720 2419 Ep.
740 2362 830 2415 t,11.
875 2347 1020 2403 secessum
1038 2347 1150 2400 Albanum
1184 2326 1187 2331 Ι

145 2447 221 2506 Suet.
240 2449 367 2520 appellat
385 2449 490 2506 etalii.
526 2448 617 2502 Porro
637 2448 834 2516 Messallinus,
862 2451 942 2517 cujus
960 2444 1149 2503 hiefiauenia
1185 2478 1189 2521 4

143 2550 258 2618 Tacito,
286 2550 442 2604 delationes
469 2550 545 2621 apud
563 2550 753 2604 Domitianum
773 2548 931 2618 factitavit,
958 2547 1116 2604 adulationis
1129 2554 1148 2596 et

113 2712 116 2716 ,
143 2651 346 2705 calumniarum
373 2653 485 2705 nomine
512 2651 637 2722 principi
664 2651 849 2722 gratissimus.
889 2652 962 2704 Eum
990 2649 1148 2724 graphiae

138 2751 200 2808 'tuis
220 2771 284 2804 vere
304 2753 450 2805 coloribus
470 2752 597 2823 depingit
614 2752 689 2810 Ptin.
704 2754 759 2824 Ep.
771 2765 797 2818 ta,
814 2766 854 2808 bt.
891 2751 974 2805 Hunc
994 2749 1145 2805 Catullum

106 2888 107 2891 κ
141 2851 375 2906 lllessalinum
402 2852 573 2906 aJuvenale
600 2852 694 2906 notari
721 2865 822 2923 putant
847 2853 953 2905 eruditi
976 2851 1150 2922 Satsettt.

141 2951 212 3006 Nam
231 2953 311 3007 illum
330 2954 509 3026 exagitabant
527 2955 687 3008 occisorum
705 2971 809 3021 manes,
828 2971 880 3006 nec
895 2970 1014 3025 usquam
1029 2952 1147 3024 quiescere

140 3054 281 3110 sinebant.
319 3055 400 3126 Quod
419 3068 510 3115 autem
528 3055 576 3109 hic
595 3055 665 3109 dicit
682 3055 726 3121 Τ.,
744 3043 1031 3109 ἰιιετὰΑΙὴαιηω
1049 3051 1145 3107 villan

139 3157 325 3211 sententia
352 3157 542 3210 Messalini
569 3156 777 3226 strepebat,
803 3155 912 3222 innuit,
940 3139 1145 3212 tum‘adhueti-

56 3314 59 3319 x
131 3268 219 3310 ‘aeret
237 3260 283 3324 A„
302 3275 353 3311 nec
372 3258 533 3329 permisisse
551 3256 752 3324 Domitianum,
771 3275 860 3327 neque
876 3257 1059 3311 Messalinum
1074 3267 1146 3310 amun

138 3356 246 3424 fuisse,
273 3358 388 3429 publice
416 3376 581 3430 quemquam
609 3375 763 3424 accusare,
791 3357 867 3429 quod
893 3358 1092 3430 posteafecita
1111 3350 1146 3408 acl

137 3470 196 3514 tum
215 3459 362 3526 secretius,
382 3479 480 3530 nempe
498 3461 526 3511 in
546 3436 658 3513 Albano
678 3477 800 3517 secessu.
835 3459 890 3512 Rh.

205 3563 236 3626 ὅ)
255 3560 344 3628 Hujus
363 3561 466 3614 mentio
483 3561 516 3613 fit
533 3561 607 3616 Hist.
626 3575 656 3628 t,
675 3573 717 3618 ao.
760 3558 808 3618 P.-
835 3558 991 3615 Damnatus
1014 3567 1157 3633 postcunt·
1187 3578 1189 3583 ·

137 3661 336 3716 accusantibus
354 3647 495 3730 Baeticis,
519 3674 551 3715 ut
569 3662 659 3716 disces
679 3680 711 3714 ex
729 3659 803 3719 l'lin.
822 3663 877 3733 Ep.
897 3675 923 3728 7,
942 3674 986 3720 33.
1021 3662 1054 3719 1..

78 3741 82 3749 Ι
204 3767 235 3832 a)
254 3763 325 3817 Nam
344 3764 372 3816 in
391 3769 488 3818 sen‘atu
507 3755 656 3816 accusatus
675 3775 702 3816 et
721 3780 817 3816 manus
843 3762 885 3816 ibi
913 3764 939 3816 ei
957 3764 1077 3833 injectae
1093 3771 1152 3826 auat,

136 3864 252 3919 maxime
281 3877 308 3918 et
333 3865 453 3936 primum
480 3882 496 3919 a
522 3865 643 3934 quodam
671 3863 768 3921 Certo.
803 3861 877 3917 Plin.
896 3862 951 3935 Ep,
971 3877 997 3932 9,
1017 3877 1057 3924 ¹3.
1091 3863 1153 3916 llaec

135 3979 228 4019 autent
255 3966 406 4019 referenda
434 3966 470 4019 ad
496 3965 658 4019 Helvidium
686 3964 793 4030 fllium,
820 3984 901 4035 quem
928 3964 1036 4024 Domita
1063 3962 1155 4020 occidit

124 4066 226 4130 .(Suet.
245 4073 298 4133 to).
319 4085 380 4120 cum
398 4080 506 4139 patrem
526 4069 585 4134 ejus
603 4067 664 4137 ipse
683 4066 872 4137 Vespasianus
887 4064 979 4131 (Suet.
992 4071 1048 4138 15).
1067 4067 1096 4124 b.
1113 4064 1155 4124 Ger
1182 4108 1187 4123 .

134 4165 229 4222 lebrat
239 4188 299 4223 eum
310 4169 414 4241 longis,
434 4167 483 4220 sed
492 4167 609 4221 indu-bil
619 4167 694 4220 veris
704 4167 837 4233 laudibus
872 4165 904 4224 Τ.
912 4167 987 4227 Hist.
995 4181 1021 4237 t,
1037 4181 1102 4239 tuq.
1110 4166 1156 4223 ltu.

33 4384 171 4452 ..u-u
